@incollection{codegen2,
year={2010},
booktitle={Functional and Logic Programming},
volume={6009},
series={LNCS},
editor={Blume, Matthias and Kobayashi, Naoki and Vidal, Germán},
title={Code Generation via Higher-Order Rewrite Systems},
publisher={Springer },
author={Haftmann, Florian and Nipkow, Tobias},
pages={103-117}
}


@misc{blanchettification,
author = {Jasmin Christian Blanchette},
year = {2013},
howpublished = {Personal communication}
}

@inproceedings{hipspecCADE,
author = {Claessen, Koen and Johansson, Moa and Ros\'en, Dan and Smallbone, Nicholas},
title = {Automating Inductive Proofs using Theory Exploration},
year = {2013},
booktitle = {Proceedings of the Conference on Auomtated Deduction (CADE)},
series={LNCS},
volume={7898},
Publisher = {Springer},
pages={392-406}
}

@inproceedings{metis,
  author = {Joe Hurd},
  title = {First-Order Proof Tactics in Higher-Order Logic Theorem Provers},
  pages = {56--68},
  booktitle = {Design and Application of Strategies/Tactics in Higher Order Logics (STRATA)},
  year ={2003},
  series={NASA Technical Reports},
  number={NASA/CP-2003-212448}
}

@incollection{mash,
year={2013},
booktitle={Interactive Theorem Proving},
volume={7998},
series={LNCS},
title={{MaSh}: Machine Learning for {Sledgehammer}},
publisher={Springer},
author={Kuhlwein, Daniel and Blanchette, Jasmin Christian and Kaliszyk, Cezary and Urban, Josef},
pages={35-50}
}

@misc{codegen,
year={2013},
title={Code generation from {Isabelle/HOL} theories},
author={Haftmann, Florian and Bulwahn, Lukas},
howpublished={\url{http://isabelle.in.tum.de/doc/codegen.pdf}}
}

@article{sledgehammer,
  title={Three years of experience with {Sledgehammer}, a practical link between automatic and interactive theorem provers},
  author={Paulson, Lawrence C and Blanchette, Jasmin Christian},
  journal={IWIL-2010},
  year={2010}
}

@article{theorema,
title = "{Theorema}: {Towards} computer-aided mathematical theory exploration ",
journal = "Journal of Applied Logic ",
volume = "4",
number = "4",
pages = "470 - 504",
year = "2006",
note = "Towards Computer Aided Mathematics ",
author = "Bruno Buchberger and Adrian Creciun and Tudor Jebelean and Laura Kovacs and Temur Kutsia and Koji Nakagawa and Florina Piroi and Nikolaj Popov and Judit Robu and Markus Rosenkranz and Wolfgang Windsteiger",
}

@article{buchberger2000theory,
  title={Theory exploration with {Theorema}},
  author={Buchberger, Bruno},
  journal={Analele Universitatii Din Timisoara, ser. Matematica-Informatica},
  volume={38},
  number={2},
  pages={9--32},
  year={2000},
}

@inproceedings{feat,
 author = {Dureg{\aa}rd, Jonas and Jansson, Patrik and Wang, Meng},
 title = {{Feat}: {F}unctional Enumeration of Algebraic Types},
 booktitle = {Proceedings of the 2012 Haskell Symposium},
 series = {Haskell '12},
 year = {2012},
 pages = {61--72},
 numpages = {12},
 publisher = {ACM},
 address = {New York, USA},
} 


@MISC{hip,
    title  = {{Proving Equational Haskell Properties using Automated Theorem Provers}},
    author = {Dan Ros\'en},
    year   = {2012},
    note   = {MSc. Thesis, University of Gothenburg}
}
@InProceedings{dafny,
	title={Automating Induction with an {SMT} Solver},
	author = {Leino, K. Rustan},
	booktitle = {Proceedings of VMCAI},
  year = {2012},
  publisher = {Springer}
}

@inproceedings{Bundy88,
  author    = {Alan Bundy},
  title     = {The Use of Explicit Plans to Guide Inductive Proofs},
  booktitle = {Proceedings of CADE},
  year      = {1988},
  pages     = {111-120}
}

@inproceedings{jasmin-lpar,
  author    = {Jasmin Blanchette and Koen Claessen},
  title     = {Generating Counterexamples for Structural Inductions by Exploiting Nonstandard Models},
  booktitle = {Proceedings of LPAR},
  year      = {2010},
  publisher = {Springer LNCS}
}

@Book{acl2,
  author =    {Kaufmann, Matt and Panagiotis, Manolios and Strother Moore, J},
  title =        {Computer-Aided Reasoning: An Approach},
  publisher =    {Kluwer Academic Publishers},
  year =         {2000}
}
@Book{isabelle,
  author	= {Tobias Nipkow and Lawrence C. Paulson and Markus Wenzel},
  title		= {Isabelle/HOL --- A Proof Assistant for Higher-Order Logic},
  publisher	= {Springer},
  series	= {LNCS},
  volume	= 2283,
  year		= 2002}
@article{isascheme,
 author = {Montano-Rivas, Omar and McCasland, Roy and Dixon, Lucas and Bundy, Alan},
 title = {Scheme-based theorem discovery and concept invention},
 journal = {Expert Systems with Applications},
 volume = {39},
 number = {2},
 year = {2012},
 pages = {1637--1646},
 numpages = {10}
}
@inproceedings{zeno,
    title  = {{Zeno: An automated prover for properties of recursive datatypes}},
    author = {Willam Sonnex and Sophia Drossopoulou and Susan Eisenbach},
    booktitle = {Proceedings of TACAS},
    pages = {407--421},
    year   = {2012},
    publisher = {Springer}
}

@article{productiveuse,
    author  = {Andrew Ireland and Alan Bundy},
    title   = {Productive Use of Failure in Inductive Proof},
    journal = {Journal of Automated Reasoning},
    year    = {1996},
    volume  = {16},
    pages   = {79--111}
}

%Isaplanner
@Misc{isaplanner2,
    author = { Lucas Dixon and Moa Johansson },
    title = {IsaPlanner 2: A Proof Planner in Isabelle},
    year = 2007,
    url = {http://dream.inf.ed.ac.uk/projects/isaplanner/docs/isaplanner-v2-07.pdf},
    note = {DReaM Technical Report (System description)},
}

% Monotonicity
@inproceedings{sortMonotonicity,
 author = {Koen Claessen and Ann Lillieström and Nicholas Smallbone},
 title = {Sort it out with monotonicity: translating between many-sorted and unsorted first-order logic},
 booktitle = {Proceedings of the 23rd international conference on Automated deduction},
 series = {CADE'11},
 year = {2011},
 isbn = {978-3-642-22437-9},
 location = {Wroc\&\#322;aw, Poland},
 pages = {207--221},
 numpages = {15},
 url = {http://dl.acm.org/citation.cfm?id=2032266.2032283},
 acmid = {2032283},
 publisher = {Springer-Verlag},
 address = {Berlin, Heidelberg},
}

% Monotonicity - Hand written
@inproceedings{polyMonotonicity,
    author = {Jasmin Christian Blanchette and Sascha Böhme and Nicholas Smallbone},
    title = {Monotonicity or how to encode polymorphic types safely and efficiently},
    year = {2011}
}


% Referens till IsaPlanner:

@INPROCEEDINGS{isaplanner,
  author = {Dixon, Lucas and Fleuriot, Jacques D.},
  title = {Higher Order Rippling in {IsaPlanner}},
  booktitle = {Proceedings of TPHOLs},
  year = {2004},
  volume = {3223},
  series = {LNCS},
  pages = {83--98},
}

@article{isacosy,
	Author = {Johansson, Moa and Dixon, Lucas and Bundy, Alan},
	Journal = {Journal of Automated Reasoning},
	Number = {3},
	Pages = {251-289},
	Title = {Conjecture Synthesis for Inductive Theories},
	Volume = {47},
	Year = {2011},
}

% QuickCheck
@inproceedings{quickcheck,
  author    = {Koen Claessen and John Hughes},
  title     = {Quick{C}heck: a lightweight tool for random testing of {H}askell
               programs},
  booktitle = {Proceedings of ICFP},
  year      = {2000},
  pages     = {268-279},
  ee        = {http://doi.acm.org/10.1145/351240.351266},
  bibsource = {DBLP, http://dblp.uni-trier.de}
}

%Quickspec

@inproceedings{quickspec,
  author    = {Koen Claessen and
               Nicholas Smallbone and
               John Hughes},
  title     = {Quick{S}pec: Guessing Formal Specifications Using Testing},
  booktitle = {Proceedings of TAP},
  year      = {2010},
  pages     = {6-21},
  ee        = {http://dx.doi.org/10.1007/978-3-642-13977-2_3},
  bibsource = {DBLP, http://dblp.uni-trier.de}
}

@MISC{schulzE,
    author = {Stephan Schulz},
    title = {E - A Brainiac Theorem Prover},
    year = {2002}
}

@book{rippling,
 author = {Bundy, Alan and Basin, David and Hutter, Dieter and Ireland, Andrew},
 title = {Rippling: meta-level guidance for mathematical reasoning},
 year = {2005},
 publisher = {Cambridge University Press},
}

@inproceedings{IsaPcase,
 author = {Johansson, Moa and Dixon, Lucas and Bundy, Alan},
 title = {Case-Analysis for rippling and inductive proof},
 booktitle = {Proceedings of ITP},
 year = {2010},
 pages = {291--306}
}


@inproceedings{acl2s,
 author = {Chamarthi, Harsh Raju and Dillinger, Peter and Manolios, Panagiotis and Vroon, Daron},
 title = {The {ACL2 Sedan} theorem proving system},
 booktitle = {Proceedings of TACAS},
 year = {2011},
 pages = {291--295}
}
@incollection{middleout,
	Author = {Johansson, Moa and Dixon, Lucas and Bundy, Alan},
	Booktitle = {Induction, Verification and Termination Analysis: Festschrift for Christoph Walther},
	Editor = {S. Siegler and N. Wasser},
	Pages = {102--116},
	Publisher = {Springer},
	Series = {LNAI},
	Title = {Lemma Discovery and Middle-Out Reasoning for Automated Inductive Proof},
	Volume = {6463},
}

@incollection{mathsaid,
	Author = {McCasland, Roy and Bundy, Alan and Autexier, Serge},
	Booktitle = {From Insight to Proof: Festschrift in Honor of A. Trybulec },
	Editor = {R. Matuszewski and P. Rudnicki},
	Title = {Automated discovery of inductive theorems},
	Year = {2007}}

@article{McCasland2006,
title = "Ascertaining Mathematical Theorems ",
journal = "Electronic Notes in Theoretical Computer Science ",
volume = "151",
number = "1",
pages = "21 - 38",
year = "2006",
author = "Roy L. McCasland and Alan Bundy and Patrick F. Smith"
}


@inproceedings{z3,
 author = {De Moura, Leonardo and Bj{\o}rner, Nikolaj},
 title = {Z3: an efficient {SMT} solver},
 booktitle = {Proceedings of TACAS},
 series = {TACAS'08/ETAPS'08},
 year = {2008},
 pages = {337--340},
 publisher = {Springer-Verlag},
} 

@InProceedings{acl2ml,
  author =       {Heras, Jonathan and Komendantskaya, Ekaterina and Johansson, Moa and Maclean, Ewen},
  title =        {Proof-Pattern Recognition and Lemma Discovery in {ACL2}},
  booktitle = {Proceedings of LPAR},
  pages =     {389-406},
  year =      {2013},
  volume =    {8312},
  series =    {LNCS},
  publisher = {Springer-Verlag}
}

